@book{
	bolshakova,
	author="Большакова Елена Игоревна, 
	Груздева Надежда Валерьевна",
	title="Основы программирования на языке Лисп",
	publisher="М.: Издательский отдел факультета ВМК МГУ имени М.В.Ломоносова (лицензия ИД № 05899 от 24.09.2001); МАКС Пресс",
	year=2010,
	pages=112 
}